%YAML 1.1
%TAG !u! tag:unity3d.com,2011:
--- !u!95 &7359686605972106432
Animator:
  serializedVersion: 3
  m_ObjectHideFlags: 0
  m_CorrespondingSourceObject: {fileID: 0}
  m_PrefabInstance: {fileID: 0}
  m_PrefabAsset: {fileID: 0}
  m_GameObject: {fileID: 1934572269952092358}
  m_Enabled: 1
  m_Avatar: {fileID: 0}
  m_Controller: {fileID: 0}
  m_CullingMode: 0
  m_UpdateMode: 0
  m_ApplyRootMotion: 0
  m_LinearVelocityBlending: 0
  m_WarningMessage: 
  m_HasTransformHierarchy: 1
  m_AllowConstantClipSamplingOptimization: 1
  m_KeepAnimatorControllerStateOnDisable: 0
--- !u!95 &5561261239255121647
Animator:
  serializedVersion: 3
  m_ObjectHideFlags: 0
  m_CorrespondingSourceObject: {fileID: 0}
  m_PrefabInstance: {fileID: 0}
  m_PrefabAsset: {fileID: 0}
  m_GameObject: {fileID: 2185415801358790723}
  m_Enabled: 1
  m_Avatar: {fileID: 0}
  m_Controller: {fileID: 0}
  m_CullingMode: 0
  m_UpdateMode: 0
  m_ApplyRootMotion: 0
  m_LinearVelocityBlending: 0
  m_WarningMessage: 
  m_HasTransformHierarchy: 1
  m_AllowConstantClipSamplingOptimization: 1
  m_KeepAnimatorControllerStateOnDisable: 0
--- !u!1 &6895635674304591195
GameObject:
  m_ObjectHideFlags: 0
  m_CorrespondingSourceObject: {fileID: 0}
  m_PrefabInstance: {fileID: 0}
  m_PrefabAsset: {fileID: 0}
  serializedVersion: 6
  m_Component:
  - component: {fileID: 1431989383253521079}
  - component: {fileID: 20338409851840914}
  m_Layer: 0
  m_Name: Wave1
  m_TagString: Untagged
  m_Icon: {fileID: 0}
  m_NavMeshLayer: 0
  m_StaticEditorFlags: 0
  m_IsActive: 1
--- !u!4 &1431989383253521079
Transform:
  m_ObjectHideFlags: 0
  m_CorrespondingSourceObject: {fileID: 0}
  m_PrefabInstance: {fileID: 0}
  m_PrefabAsset: {fileID: 0}
  m_GameObject: {fileID: 6895635674304591195}
  m_LocalRotation: {x: 0, y: 0, z: 0, w: 1}
  m_LocalPosition: {x: 0, y: 0, z: 0}
  m_LocalScale: {x: 1, y: 1, z: 1}
  m_Children:
  - {fileID: 1931758364823951398}
  - {fileID: 2180350052401963171}
  - {fileID: 8288430195052288796}
  m_Father: {fileID: 0}
  m_RootOrder: 0
  m_LocalEulerAnglesHint: {x: 0, y: 0, z: 0}
--- !u!320 &20338409851840914
PlayableDirector:
  m_ObjectHideFlags: 0
  m_CorrespondingSourceObject: {fileID: 0}
  m_PrefabInstance: {fileID: 0}
  m_PrefabAsset: {fileID: 0}
  m_GameObject: {fileID: 6895635674304591195}
  m_Enabled: 1
  serializedVersion: 3
  m_PlayableAsset: {fileID: 11400000, guid: 42e7fd5277a89bb4eb05b4a74f2a29d5, type: 2}
  m_InitialState: 1
  m_WrapMode: 2
  m_DirectorUpdateMode: 1
  m_InitialTime: 0
  m_SceneBindings:
  - key: {fileID: 3745247326558392535, guid: 42e7fd5277a89bb4eb05b4a74f2a29d5, type: 2}
    value: {fileID: 7359686605972106432}
  - key: {fileID: -8851920259834745782, guid: 42e7fd5277a89bb4eb05b4a74f2a29d5, type: 2}
    value: {fileID: 5561261239255121647}
  - key: {fileID: 8952885870003685117, guid: 42e7fd5277a89bb4eb05b4a74f2a29d5, type: 2}
    value: {fileID: 3242252652434320936}
  m_ExposedReferences:
    m_References: []
--- !u!95 &3242252652434320936
Animator:
  serializedVersion: 3
  m_ObjectHideFlags: 0
  m_CorrespondingSourceObject: {fileID: 0}
  m_PrefabInstance: {fileID: 0}
  m_PrefabAsset: {fileID: 0}
  m_GameObject: {fileID: 8291245234036067324}
  m_Enabled: 1
  m_Avatar: {fileID: 0}
  m_Controller: {fileID: 0}
  m_CullingMode: 0
  m_UpdateMode: 0
  m_ApplyRootMotion: 0
  m_LinearVelocityBlending: 0
  m_WarningMessage: 
  m_HasTransformHierarchy: 1
  m_AllowConstantClipSamplingOptimization: 1
  m_KeepAnimatorControllerStateOnDisable: 0
--- !u!1001 &1990426033124654201
PrefabInstance:
  m_ObjectHideFlags: 0
  serializedVersion: 2
  m_Modification:
    m_TransformParent: {fileID: 1431989383253521079}
    m_Modifications:
    - target: {fileID: 7534243394429351813, guid: db575d90a0c2eaa48b55f1783b7575e4, type: 3}
      propertyPath: m_Name
      value: Viper (2)
      objectReference: {fileID: 0}
    - target: {fileID: 7537058437484717925, guid: db575d90a0c2eaa48b55f1783b7575e4, type: 3}
      propertyPath: m_RootOrder
      value: 2
      objectReference: {fileID: 0}
    - target: {fileID: 7537058437484717925, guid: db575d90a0c2eaa48b55f1783b7575e4, type: 3}
      propertyPath: m_LocalPosition.x
      value: 20
      objectReference: {fileID: 0}
    - target: {fileID: 7537058437484717925, guid: db575d90a0c2eaa48b55f1783b7575e4, type: 3}
      propertyPath: m_LocalPosition.y
      value: 0
      objectReference: {fileID: 0}
    - target: {fileID: 7537058437484717925, guid: db575d90a0c2eaa48b55f1783b7575e4, type: 3}
      propertyPath: m_LocalPosition.z
      value: 20
      objectReference: {fileID: 0}
    - target: {fileID: 7537058437484717925, guid: db575d90a0c2eaa48b55f1783b7575e4, type: 3}
      propertyPath: m_LocalRotation.w
      value: 0.7071068
      objectReference: {fileID: 0}
    - target: {fileID: 7537058437484717925, guid: db575d90a0c2eaa48b55f1783b7575e4, type: 3}
      propertyPath: m_LocalRotation.x
      value: 0
      objectReference: {fileID: 0}
    - target: {fileID: 7537058437484717925, guid: db575d90a0c2eaa48b55f1783b7575e4, type: 3}
      propertyPath: m_LocalRotation.y
      value: -0.7071068
      objectReference: {fileID: 0}
    - target: {fileID: 7537058437484717925, guid: db575d90a0c2eaa48b55f1783b7575e4, type: 3}
      propertyPath: m_LocalRotation.z
      value: 0
      objectReference: {fileID: 0}
    - target: {fileID: 7537058437484717925, guid: db575d90a0c2eaa48b55f1783b7575e4, type: 3}
      propertyPath: m_LocalEulerAnglesHint.x
      value: 0
      objectReference: {fileID: 0}
    - target: {fileID: 7537058437484717925, guid: db575d90a0c2eaa48b55f1783b7575e4, type: 3}
      propertyPath: m_LocalEulerAnglesHint.y
      value: -90
      objectReference: {fileID: 0}
    - target: {fileID: 7537058437484717925, guid: db575d90a0c2eaa48b55f1783b7575e4, type: 3}
      propertyPath: m_LocalEulerAnglesHint.z
      value: 0
      objectReference: {fileID: 0}
    m_RemovedComponents: []
  m_SourcePrefab: {fileID: 100100000, guid: db575d90a0c2eaa48b55f1783b7575e4, type: 3}
--- !u!1 &8291245234036067324 stripped
GameObject:
  m_CorrespondingSourceObject: {fileID: 7534243394429351813, guid: db575d90a0c2eaa48b55f1783b7575e4, type: 3}
  m_PrefabInstance: {fileID: 1990426033124654201}
  m_PrefabAsset: {fileID: 0}
--- !u!4 &8288430195052288796 stripped
Transform:
  m_CorrespondingSourceObject: {fileID: 7537058437484717925, guid: db575d90a0c2eaa48b55f1783b7575e4, type: 3}
  m_PrefabInstance: {fileID: 1990426033124654201}
  m_PrefabAsset: {fileID: 0}
--- !u!1001 &8239328131846750019
PrefabInstance:
  m_ObjectHideFlags: 0
  serializedVersion: 2
  m_Modification:
    m_TransformParent: {fileID: 1431989383253521079}
    m_Modifications:
    - target: {fileID: 7534243394429351813, guid: db575d90a0c2eaa48b55f1783b7575e4, type: 3}
      propertyPath: m_Name
      value: Viper
      objectReference: {fileID: 0}
    - target: {fileID: 7537058437484717925, guid: db575d90a0c2eaa48b55f1783b7575e4, type: 3}
      propertyPath: m_RootOrder
      value: 0
      objectReference: {fileID: 0}
    - target: {fileID: 7537058437484717925, guid: db575d90a0c2eaa48b55f1783b7575e4, type: 3}
      propertyPath: m_LocalPosition.x
      value: 0
      objectReference: {fileID: 0}
    - target: {fileID: 7537058437484717925, guid: db575d90a0c2eaa48b55f1783b7575e4, type: 3}
      propertyPath: m_LocalPosition.y
      value: 0
      objectReference: {fileID: 0}
    - target: {fileID: 7537058437484717925, guid: db575d90a0c2eaa48b55f1783b7575e4, type: 3}
      propertyPath: m_LocalPosition.z
      value: 0
      objectReference: {fileID: 0}
    - target: {fileID: 7537058437484717925, guid: db575d90a0c2eaa48b55f1783b7575e4, type: 3}
      propertyPath: m_LocalRotation.w
      value: 0.7071068
      objectReference: {fileID: 0}
    - target: {fileID: 7537058437484717925, guid: db575d90a0c2eaa48b55f1783b7575e4, type: 3}
      propertyPath: m_LocalRotation.x
      value: 0
      objectReference: {fileID: 0}
    - target: {fileID: 7537058437484717925, guid: db575d90a0c2eaa48b55f1783b7575e4, type: 3}
      propertyPath: m_LocalRotation.y
      value: -0.7071068
      objectReference: {fileID: 0}
    - target: {fileID: 7537058437484717925, guid: db575d90a0c2eaa48b55f1783b7575e4, type: 3}
      propertyPath: m_LocalRotation.z
      value: 0
      objectReference: {fileID: 0}
    - target: {fileID: 7537058437484717925, guid: db575d90a0c2eaa48b55f1783b7575e4, type: 3}
      propertyPath: m_LocalEulerAnglesHint.x
      value: 0
      objectReference: {fileID: 0}
    - target: {fileID: 7537058437484717925, guid: db575d90a0c2eaa48b55f1783b7575e4, type: 3}
      propertyPath: m_LocalEulerAnglesHint.y
      value: -90
      objectReference: {fileID: 0}
    - target: {fileID: 7537058437484717925, guid: db575d90a0c2eaa48b55f1783b7575e4, type: 3}
      propertyPath: m_LocalEulerAnglesHint.z
      value: 0
      objectReference: {fileID: 0}
    m_RemovedComponents: []
  m_SourcePrefab: {fileID: 100100000, guid: db575d90a0c2eaa48b55f1783b7575e4, type: 3}
--- !u!1 &1934572269952092358 stripped
GameObject:
  m_CorrespondingSourceObject: {fileID: 7534243394429351813, guid: db575d90a0c2eaa48b55f1783b7575e4, type: 3}
  m_PrefabInstance: {fileID: 8239328131846750019}
  m_PrefabAsset: {fileID: 0}
--- !u!4 &1931758364823951398 stripped
Transform:
  m_CorrespondingSourceObject: {fileID: 7537058437484717925, guid: db575d90a0c2eaa48b55f1783b7575e4, type: 3}
  m_PrefabInstance: {fileID: 8239328131846750019}
  m_PrefabAsset: {fileID: 0}
--- !u!1001 &8564485731111618502
PrefabInstance:
  m_ObjectHideFlags: 0
  serializedVersion: 2
  m_Modification:
    m_TransformParent: {fileID: 1431989383253521079}
    m_Modifications:
    - target: {fileID: 7534243394429351813, guid: db575d90a0c2eaa48b55f1783b7575e4, type: 3}
      propertyPath: m_Name
      value: Viper (1)
      objectReference: {fileID: 0}
    - target: {fileID: 7537058437484717925, guid: db575d90a0c2eaa48b55f1783b7575e4, type: 3}
      propertyPath: m_RootOrder
      value: 1
      objectReference: {fileID: 0}
    - target: {fileID: 7537058437484717925, guid: db575d90a0c2eaa48b55f1783b7575e4, type: 3}
      propertyPath: m_LocalPosition.x
      value: 20
      objectReference: {fileID: 0}
    - target: {fileID: 7537058437484717925, guid: db575d90a0c2eaa48b55f1783b7575e4, type: 3}
      propertyPath: m_LocalPosition.y
      value: 0
      objectReference: {fileID: 0}
    - target: {fileID: 7537058437484717925, guid: db575d90a0c2eaa48b55f1783b7575e4, type: 3}
      propertyPath: m_LocalPosition.z
      value: -20
      objectReference: {fileID: 0}
    - target: {fileID: 7537058437484717925, guid: db575d90a0c2eaa48b55f1783b7575e4, type: 3}
      propertyPath: m_LocalRotation.w
      value: 0.7071068
      objectReference: {fileID: 0}
    - target: {fileID: 7537058437484717925, guid: db575d90a0c2eaa48b55f1783b7575e4, type: 3}
      propertyPath: m_LocalRotation.x
      value: 0
      objectReference: {fileID: 0}
    - target: {fileID: 7537058437484717925, guid: db575d90a0c2eaa48b55f1783b7575e4, type: 3}
      propertyPath: m_LocalRotation.y
      value: -0.7071068
      objectReference: {fileID: 0}
    - target: {fileID: 7537058437484717925, guid: db575d90a0c2eaa48b55f1783b7575e4, type: 3}
      propertyPath: m_LocalRotation.z
      value: 0
      objectReference: {fileID: 0}
    - target: {fileID: 7537058437484717925, guid: db575d90a0c2eaa48b55f1783b7575e4, type: 3}
      propertyPath: m_LocalEulerAnglesHint.x
      value: 0
      objectReference: {fileID: 0}
    - target: {fileID: 7537058437484717925, guid: db575d90a0c2eaa48b55f1783b7575e4, type: 3}
      propertyPath: m_LocalEulerAnglesHint.y
      value: -90
      objectReference: {fileID: 0}
    - target: {fileID: 7537058437484717925, guid: db575d90a0c2eaa48b55f1783b7575e4, type: 3}
      propertyPath: m_LocalEulerAnglesHint.z
      value: 0
      objectReference: {fileID: 0}
    m_RemovedComponents: []
  m_SourcePrefab: {fileID: 100100000, guid: db575d90a0c2eaa48b55f1783b7575e4, type: 3}
--- !u!1 &2185415801358790723 stripped
GameObject:
  m_CorrespondingSourceObject: {fileID: 7534243394429351813, guid: db575d90a0c2eaa48b55f1783b7575e4, type: 3}
  m_PrefabInstance: {fileID: 8564485731111618502}
  m_PrefabAsset: {fileID: 0}
--- !u!4 &2180350052401963171 stripped
Transform:
  m_CorrespondingSourceObject: {fileID: 7537058437484717925, guid: db575d90a0c2eaa48b55f1783b7575e4, type: 3}
  m_PrefabInstance: {fileID: 8564485731111618502}
  m_PrefabAsset: {fileID: 0}
